@book{schaumont2012practical:1,
  title={A practical introduction to hardware/software codesign},
  author={Schaumont, Patrick R},
  year={2012},
  publisher={Springer Science \& Business Media}
}
